<record><leader>00000cas a22000007a 4500</leader><controlfield tag="001">49684005</controlfield><controlfield tag="008">020429u18uuuuuutnudr ne      0    0eng d</controlfield><datafield ind1=" " ind2=" " tag="010"><subfield code="a">sn2002062511</subfield></datafield><datafield ind1=" " ind2=" " tag="040"><subfield code="a">TGN</subfield><subfield code="b">eng</subfield><subfield code="c">TGN</subfield><subfield code="d">OCLCQ</subfield><subfield code="d">OCLCF</subfield><subfield code="d">OCLCO</subfield></datafield><datafield ind1="1" ind2=" " tag="029"><subfield code="a">AU@</subfield><subfield code="b">000023525864</subfield></datafield><datafield ind1=" " ind2=" " tag="042"><subfield code="a">msc</subfield></datafield><datafield ind1=" " ind2=" " tag="043"><subfield code="a">n-us-ky</subfield></datafield><datafield ind1="0" ind2=" " tag="130"><subfield code="a">Daily Kentuckian (Paducah, Ky.)</subfield></datafield><datafield ind1="1" ind2="4" tag="245"><subfield code="a">The daily Kentuckian.</subfield></datafield><datafield ind1="1" ind2="0" tag="246"><subfield code="a">Kentuckian</subfield></datafield><datafield ind1=" " ind2=" " tag="260"><subfield code="a">Paducah, Ky. :</subfield><subfield code="b">J. Martin Jr.</subfield></datafield><datafield ind1=" " ind2=" " tag="300"><subfield code="a">v.</subfield></datafield><datafield ind1=" " ind2=" " tag="310"><subfield code="a">Daily</subfield></datafield><datafield ind1=" " ind2=" " tag="588"><subfield code="a">Description based on: Apr. 29, 1868 issue.</subfield></datafield><datafield ind1=" " ind2="0" tag="651"><subfield code="a">Paducah (Ky.)</subfield><subfield code="v">Newspapers.</subfield></datafield><datafield ind1=" " ind2="0" tag="651"><subfield code="a">McCracken County (Ky.)</subfield><subfield code="v">Newspapers.</subfield></datafield><datafield ind1=" " ind2="7" tag="655"><subfield code="a">Newspapers.</subfield><subfield code="2">fast</subfield><subfield code="0">(OCoLC)fst01423814</subfield></datafield><datafield ind1=" " ind2="7" tag="651"><subfield code="a">Kentucky</subfield><subfield code="z">McCracken County.</subfield><subfield code="2">fast</subfield><subfield code="0">(OCoLC)fst01215431</subfield></datafield><datafield ind1=" " ind2="7" tag="651"><subfield code="a">Kentucky</subfield><subfield code="z">Paducah.</subfield><subfield code="2">fast</subfield><subfield code="0">(OCoLC)fst01206751</subfield></datafield><datafield ind1=" " ind2=" " tag="752"><subfield code="a">United States</subfield><subfield code="b">Kentucky</subfield><subfield code="c">McCracken</subfield><subfield code="d">Paducah.</subfield></datafield></record>